@article{gmctw14,
author = "Abeed Sarker and Graciela Gonzalez",
title = "Syntactic normalization of twitter messages.",
journal = itkd,
 year = {2015},
 pages = {196-207},
 url = {https://www.ncbi.nlm.nih.gov/pubmed/25451103},
}

@article{cdt,
author = "Ginn R and Pimpalkhute and P Nikfarjam and A Patki and K O Connor and A Smith and K Smith and G Gonzalez",
title = "Mining Twitter for adverse drug reaction mentions: a corpus and classification benchmark.",
journal = picc,
year = {2014},
url = {https://www.researchgate.net/profile/Abeed_Sarker/publication/280301158_Mining_Twitter_for_adverse_drug_reaction_mentions_a_corpus_and_classification_benchmark/links/56d205b608ae85c8234ae39d.pdf},
}

@article{gm14,
author = "Gouws, Stephan and Metzler, Donald and Cai, Congxing and Hovy, Eduard",
title = "Contextual Bearing on Linguistic Variation in Social Media",
journal = kid,
 booktitle = {Proceedings of the Workshop on Languages in Social Media},
 series = {LSM '11},
 year = {2011},
 isbn = {978-1-932432-96-1},
 location = {Portland, Oregon},
 pages = {20--29},
 numpages = {10},
 url = {http://dl.acm.org/citation.cfm?id=2021109.2021113},
 acmid = {2021113},
 publisher = {Association for Computational Linguistics},
 address = {Stroudsburg, PA, USA},
}

@article{abcd,
  author    = {"Sotiris B. Kotsiantis"},
  title     = {"Supervised Machine Learning: {A} Review of Classification Techniques"},
  journal   = {is},
  volume    = {31},
  number    = {3},
  pages     = {249--268},
  year      = {2007},
  url       = {http://www.informatica.si/index.php/informatica/article/view/148},
  timestamp = {Mon, 15 Feb 2016 15:13:56 +0100},
  biburl    = {http://dblp.uni-trier.de/rec/bib/journals/informaticaSI/Kotsiantis07},
  bibsource = {dblp computer science bibliography, http://dblp.org}
}