@string{ is = "Informatica Slovenia"}
@string{ picc = "In Proceedings of the fourth workshop on building and evaluating resources for health and biomedical text processing"}
@string{ abcd = "Portable automatic text classification for adverse drug reaction detection via multi-corpus training. Journal of Biomedical Informatics." }
@string{ itkd = "Portable automatic text classification for adverse drug reaction detection via multi-corpus training. Journal of Biomedical Informatics." }
@string{ kid = "Proceedings of the Workshop on Languages in Social Media"}
